% This file was created with JabRef 2.10.
% Encoding: UTF-8

@article{Poggio:1985,
	author = {Poggio, Tomaso and Torre, Vincent and Koch, Christof},
	title = {Computational Vision and Regularization Theory},
	journal = {Nature},
	volume = {317},
	number = {26},
	year = {1985},
	issn = {0028-0836},
	pages = {314--319},
	numpages = {6},
	url = {http://dx.doi.org/10.1038/317314a0},
	doi = {10.1038/317314a0},
	acmid = {4471},
	publisher = {Macmillan Press Ltd.},
	address = {Basingstoke, UK},
}  
@InProceedings{GOOFI:2001,
  Title                    = {GOOFI: generic object-oriented fault injection tool},
  Author                   = {Aidemark, J. and Vinter, J. and Folkesson, P. and Karlsson, J.},
  Booktitle                = {Dependable Systems and Networks, 2001. DSN 2001. International Conference on},
  Year                     = {2001},
  Month                    = {July},
  Pages                    = {83-88},

  Doi                      = {10.1109/DSN.2001.941394}
}

@InProceedings{Amendola:1996,
  Title                    = {Fault behavior observation of a microprocessor system through a VHDL simulation-based fault injection experiment},
  Author                   = {Amendola, AM. and Benso, A and Corno, F. and Impagliazzo, L. and Marmo, P. and Prinetto, P. and Rebaudengo, M. and Reorda, M.S.},
  Booktitle                = {Design Automation Conference, 1996, with EURO-VHDL '96 and Exhibition, Proceedings EURO-DAC '96, European},
  Year                     = {1996},
  Month                    = {Sep},
  Pages                    = {536-541},

  Doi                      = {10.1109/EURDAC.1996.558255}
}

@Misc{Carvalho:2006,
  Author                   = {Carvalho, A.},
  Note                     = {Grandes Desafios da Pesquisa em Computação no Brasil - 2006 – 2016: Relatório sobre o Seminário realizado em 8 e 9 de maio de 2006. Porto Alegre: SBC, 2006. Disponível em: $<$http://www.sbc.org.br$>$, Acesso em: 01/05/2010.}
}

@TechReport{Caralho:2006,
  Title                    = {Grandes Desafios da Pesquisa em Computação no Brasil de 2006 - 2016},
  Author                   = {Carvalho, A.},
  Institution              = {SBC - Sociedade Brasileira de Computação},
  Year                     = {2006},

  Address                  = {Porto Alegre: SBC},

  Journal                  = {Relatório sobre o Seminário realizado em 8 e 9 de maio de 2006},
  Organization             = {SBC - Sociedade Brasileira de Computação},
  Timestamp                = {2012.11.02},
  Url                      = {<http://www.sbc.org.br>. Disponível em: 25 ago 2013.}
}

@Misc{Chen:1993,
  Title                    = {RAID: High-Performance, Reliable Secondary Storage},

  Author                   = {Chen, Peter M and Lee, Edward K and Gibson, Garth A. and Katz, Randy H. and Patterson, David A.},
  Year                     = {1993},

  Address                  = {Berkeley, CA, USA},
  Publisher                = {University of California at Berkeley},
  Source                   = {http://www.ncstrl.org:8900/ncstrl/servlet/search?formname=detail\&id=oai%3Ancstrlh%3Aucb%3AUCB%2F%2FCSD-93-778}
}

@InProceedings{DeSousa:1977,
  Title                    = {Modular redundancy without voters decreases complexity of restoring organ},
  Author                   = {DeSousa, P. T. and Mathur, F. P.},
  Booktitle                = {Proceedings of the June 13-16, 1977, national computer conference},
  Year                     = {1977},

  Address                  = {New York, NY, USA},
  Pages                    = {801--806},
  Publisher                = {ACM},
  Series                   = {AFIPS '77},

  Acmid                    = {1499548},
  Doi                      = {10.1145/1499402.1499548},
  Location                 = {Dallas, Texas},
  Numpages                 = {6},
  Url                      = {http://doi.acm.org/10.1145/1499402.1499548}
}

@InProceedings{Dubrova:2008,
  Title                    = {Self-Organization for Fault-Tolerance},
  Author                   = {Dubrova, Elena},
  Booktitle                = {Proceedings of the 3rd International Workshop on Self-Organizing Systems},
  Year                     = {2008},

  Address                  = {Berlin, Heidelberg},
  Pages                    = {145--156},
  Publisher                = {Springer-Verlag},
  Series                   = {IWSOS '08},

  Acmid                    = {1485771},
  Doi                      = {10.1007/978-3-540-92157-8_13},
  ISBN                     = {978-3-540-92156-1},
  Location                 = {Vienna, Austria},
  Numpages                 = {12},
  Url                      = {http://dx.doi.org/10.1007/978-3-540-92157-8_13}
}

@InProceedings{Dubrova:2007,
  Title                    = {Fault Tolerant Design: An Introduction},
  Author                   = {Dubrova, Elena},
  Year                     = {2007},

  Address                  = {Department of Microelectronics and Information Technology Royal Institute of Technology Stockholm, Sweden},
  Publisher                = {Stockholm, Sweden: Kluwer Academic Publishers}
}

@InProceedings{Folkesson:1998,
  Title                    = {A Comparison of Simulation Based and Scan Chain Implemented Fault Injection},
  Author                   = {Peter Folkesson and Sven Svensson and Johan Karlsson},
  Booktitle                = {in Proc. 28th Int. Symp. on Fault-Tolerant Computing (FTCS-28},
  Year                     = {1998},
  Pages                    = {284--293},
  Publisher                = {IEEE CS Press}
}

@InProceedings{Gil:1998,
  Title                    = {Fault injection into VHDL models: analysis of the error syndrome of a microcomputer system},
  Author                   = {Gil, D. and Baraza, J.-C. and Busquets, J. V. and Gil, P.},
  Booktitle                = {Euromicro Conference, 1998. Proceedings. 24th},
  Year                     = {1998},
  Month                    = {Aug},
  Pages                    = {418-425 vol.1},
  Volume                   = {1},

  Doi                      = {10.1109/EURMIC.1998.711835},
  ISSN                     = {1089-6503}
}

@Book{gonzalez2008digital,
  Title                    = {Digital Image Processing},
  Author                   = {Gonzalez, R.C. and Woods, R.E.},
  Publisher                = {Pearson/Prentice Hall},
  Year                     = {2008},

  ISBN                     = {9780131687288},
  Lccn                     = {2009289249},
  Url                      = {https://books.google.com.br/books?id=8uGOnjRGEzoC}
}

@InProceedings{Goswami:1993,
  Title                    = {Simulation of software behavior under hardware faults},
  Author                   = {Goswami, K.K. and Iyer, R.K.},
  Booktitle                = {Fault-Tolerant Computing, 1993. FTCS-23. Digest of Papers., The Twenty-Third International Symposium on},
  Year                     = {1993},
  Month                    = {June},
  Pages                    = {218-227},

  Doi                      = {10.1109/FTCS.1993.627325},
  ISSN                     = {0731-3071},
  Keywords                 = {software fault tolerance;Gaussian elimination programs;Tandem Integrity S2 system;application program;application specific dependability analysis;application-dependent parameters;graph model;hardware faults;memory scrubbing;ramp memory access patterns;simulation-based software-model;software behaviour simulation;software model;Analytical models;Application software;Availability;Computational modeling;Delay;Hardware;NASA;Random access memory;Software reliability;Software systems}
}

@InProceedings{Kumar:1993,
  Title                    = {Simulation of software behavior under hardware faults},
  Author                   = {Goswami, K.K. and Iyer, R.K.},
  Booktitle                = {Fault-Tolerant Computing, 1993. FTCS-23. Digest of Papers., The Twenty-Third International Symposium on},
  Year                     = {1993},
  Month                    = {June},
  Pages                    = {218-227},

  Doi                      = {10.1109/FTCS.1993.627325},
  ISSN                     = {0731-3071}
}

@Periodical{Iaione:1999,
  Title                    = {Equipamento para coleta de dados e previsão de doenças na lavoura},
  Year                     = {1999},

  Author                   = {Iaione, Fábio and Lima, Daniel Galvan de and Gassen, Flávio Renato},
  Timestamp                = {2012.11.02}
}

@Misc{Srinivasan:2003,
  Title                    = {RAMP: A Model for Reliability Aware MicroProcessor Design},

  Author                   = {J. Srinivasan, S. V. Adve, P. Bose, J. Rivers, and C.-K. Hu},
  Month                    = {December},
  Year                     = {2003},

  Address                  = {Yorktown Heights, NY},
  Institution              = {IBM Research Division},
  Number                   = {RC23048 (W0312-122)}
}

@InProceedings{Kruger:2013,
  Title                    = {Development of a fault injection system to test a weather station based on rapid prototyping platform},
  Author                   = {Kruger, K. and Iaione, F.},
  Booktitle                = {IEEE International Conference},
  Year                     = {2013},
  Pages                    = {1652--1657},
  Publisher                = {High Performance Computing and Communications \& Embedded and Ubiquitous Computing},

  Numpages                 = {6}
}

@InProceedings{Laprie:1995,
  Title                    = {Dependable Computing: Concepts, Limits, Challenges},
  Author                   = {Laprie, Jean-Claude},
  Booktitle                = {Proceedings of the Twenty-Fifth International Conference on Fault-tolerant Computing},
  Year                     = {1995},

  Address                  = {Washington, DC, USA},
  Pages                    = {42--54},
  Publisher                = {IEEE Computer Society},
  Series                   = {FTCS'95},

  Acmid                    = {1899261},
  ISBN                     = {0-8186-7146-7},
  Location                 = {Pasadena, California},
  Numpages                 = {13},
  Url                      = {http://dl.acm.org/citation.cfm?id=1899254.1899261}
}

@InProceedings{Laprie:1995:CaT,
  Title                    = {Dependable Computing and Fault Tolerance: Concepts and Terminology},
  Author                   = {Laprie, J.-C.},
  Booktitle                = {Fault-Tolerant Computing, 1995, Highlights from Twenty-Five Years., Twenty-Fifth International Symposium on},
  Year                     = {1995},
  Month                    = {jun},
  Pages                    = {2-},

  Doi                      = {10.1109/FTCSH.1995.532603}
}

@MastersThesis{Lopes:2005,
  Title                    = {Estimação da Robustez de Sistemas Eletrônicos via Injeção de Interferência Eletromagnética},
  Author                   = {Lopes, D. C.},
  School                   = {PUCRGS},
  Year                     = {2005},

  Address                  = {Porto Alegre}
}

@Article{masutani2013reconhecimento,
  Title                    = {Reconhecimento de Objetos Coloridos e M{\~a}os Usando Cores e Formas},
  Author                   = {Masutani, Victor Hugo and Artero, Almir Olivette and Almeida, Leandro Luiz de and Silva, Francisco Assis da},
  Journal                  = {Colloquium Exactarum},
  Year                     = {2013},
  Number                   = {1},
  Pages                    = {01--11},
  Volume                   = {5}
}

@Misc{mbed,
  Author                   = {Mbed},
  Note                     = {Disponível em: $<$https://mbed.org/$>$. Acesso em: 15/07/2014},

  Key                      = {mbed},
  Url                      = {https://mbed.org/}
}

@Electronic{mbed:Handbook,
  Author                   = {mbed},
  Note                     = {Acesso em: 15/07/2014},
  Url                      = {<http://mbed.org/handbook/mbed-NXP-LPC1768>},

  Owner                    = {Kleber},
  Timestamp                = {2014.07.15}
}

@InProceedings{mendes2008sistema,
  Title                    = {Sistema de Localização Visual da Equipe de Futebol de Rob{\^o}s POTI-UFRN (versao 2008) na Categoria Very Small Size},
  Author                   = {Mendes, Ellon P. and Medeiros, Adelardo A. D.},
  Booktitle                = {Team Description Paper. Competi{\c{c}}ao Brasileira de Rob{\'o}tica, Salvador, Brasil},
  Year                     = {2008}
}

@InProceedings{Salewski:2007,
  Title                    = {Fault Handling in FPGAs and Microcontrollers in Safety-Critical Embedded Applications: A Comparative Survey},
  Author                   = {Salewski, Falk and Taylor, Adam},
  Booktitle                = {Proceedings of the 10th Euromicro Conference on Digital System Design Architectures, Methods and Tools},
  Year                     = {2007},

  Address                  = {Washington, DC, USA},
  Pages                    = {124--131},
  Publisher                = {IEEE Computer Society},
  Series                   = {DSD '07},

  ISBN                     = {0-7695-2978-X},
  Numpages                 = {8}
}

@PhdThesis{Secall:2007,
  Title                    = {Avaliação comparativa do impacto do emprego de programação defensiva na segurança de sistemas críticos},
  Author                   = {Secall, Jorge Martins},
  School                   = {Escola Politécnica da Universidade de São Paulo},
  Year                     = {2007},

  Address                  = {São Paulo}
}

@MastersThesis{Sotoma:1997,
  Title                    = {AFIDS - Arquitetura para Injeção de Falhas em Sistemas Distribuídos},
  Author                   = {Sotoma, I.},
  School                   = {UFRGS},
  Year                     = {1997},

  Address                  = {Porto Alegre}
}

@Standard{ISO26262-6:2011_2,
  Title                    = {Product Development: Software Level},
  Author                   = {Int'l Organization for Standardization},
  Number                   = {ISO 26262-6},
  Type                     = {ISO},
  Year                     = {2010}
}

@InProceedings{NFTAPE:2000,
  Title                    = {NFTAPE: a framework for assessing dependability in distributed systems with lightweight fault injectors},
  Author                   = {Stott, D.T. and Floering, B. and Burke, D. and Kalbarczpk, Z. and Iyer, R.K.},
  Booktitle                = {Computer Performance and Dependability Symposium, 2000. IPDS 2000. Proceedings. IEEE International},
  Year                     = {2000},
  Pages                    = {91-100},

  Doi                      = {10.1109/IPDS.2000.839467},
  ISSN                     = {1087-2191}
}

@InProceedings{NFTATE:2000,
  Title                    = {NFTAPE: A Framework for Assessing Dependability in Distributed Systems with Lightweight Fault Injectors},
  Author                   = {David T. Stott and Benjamin Floering and Daniel Burke and Zbigniew Kalbarczyk and Ravishankar K. Iyer},
  Booktitle                = {In Proceedings of the IEEE International Computer Performance and Dependability Symposium},
  Year                     = {2000},
  Pages                    = {91--100}
}

@Misc{TeraTerm,
  Author                   = {TeraTerm},
  Note                     = {Disponível em: $<$http://en.sourceforge.jp/projects/ttssh2/$>$. Acesso em: 15/07/2014},

  Key                      = {TeraTerm},
  Url                      = {http://en.sourceforge.jp/projects/ttssh2/}
}

@InProceedings{Velazco:2000,
  Title                    = {Transient Bitflip Injection in Microprocessor Embedded Applications},
  Author                   = {Velazco, R. and Rezgui, S.},
  Booktitle                = {Proceedings of the 6th IEEE International On-Line Testing Workshop (IOLTW)},
  Year                     = {2000},

  Address                  = {Washington, DC, USA},
  Pages                    = {80--},
  Publisher                = {IEEE Computer Society},
  Series                   = {IOLTW '00},

  Acmid                    = {854325},
  ISBN                     = {0-7695-0646-1},
  Url                      = {http://dl.acm.org/citation.cfm?id=850960.854325}
}

@InCollection{Weber:2003,
  Title                    = {Tolerância a falhas: conceitos e exemplos},
  Author                   = {Weber, Taisy Silva},
  Booktitle                = {Intech Brasil},
  Publisher                = {Distrito 4 da ISA (The Instrumentation, System and Automation Society)},
  Year                     = {2003},
  Pages                    = {32--42},
  Volume                   = {52},

  Timestamp                = {2006.01.19}
}

@Misc{Weber:2002,
  Title                    = {Um roteiro para exploração dos conceitos básicos de tolerância a falhas},

  Author                   = {Weber, Taisy Silva},
  HowPublished             = {Publicação online},
  Note                     = {Acesso em: 15/07/2014},
  Year                     = {2002},

  Address                  = {Porto Alegre},
  Institution              = {Instituto de Informática – UFRGS},
  Numpages                 = {62},
  School                   = {Instituto de Informática – UFRGS},
  Url                      = {http://www.inf.ufrgs.br/~taisy/disciplinas/textos/Dependabilidade.pdf}
}

@Misc{ISO-26262:2011,
  Note                     = {International Organization for Standardization, “Product de-velopment: software level”, ISO/DIS 26262-6, 2009}
}

@Misc{NASA-8719:2004,
  Note                     = {NASA Software Safety Guidebook, NASA-GB-8719.13, 2004}
}

@Misc{ISO-26262:2011:ERRADO,
  Title                    = {Product Development: Software Level},
  Note                     = {International Organization for Standardization, “Product de-velopment: software level”, ISO/DIS 26262-6, 2009},
  Year                     = {2011},

  Key                      = {ISO 26262-6},
  Number                   = {ISO 26262-6},
  Publisher                = {Int'l Organization for Standardization},
  Type                     = {Norm}
}

@Misc{NASA-8719:2004:ERRADO,
  Title                    = {NASA Software Safety Guidebook},
  Note                     = {NASA Software Safety Guidebook, NASA-GB-8719.13, 2004},
  Year                     = {2004},

  Key                      = {NASA-GB-8719.13},
  Number                   = {NASA-GB-8719.13},
  Publisher                = {NASA Software Safety Guidebook},
  Type                     = {Norm}
}


